% Encoding: UTF-8

@Misc{hugepage,
  author = {Shrikant Lavhate},
  month  = mar,
  title  = {Linux 中的“大内存页”（hugepage）是个什么？},
  year   = {2018},
  url    = {https://linux.cn/article-9450-1.html},
}

@Comment{jabref-meta: databaseType:bibtex;}
