% Encoding: UTF-8

@Misc{installwiki,
  author = {QEMU},
  title  = {{QEMU} on {Linux} hosts},
  year   = {2012},
  url    = {https://wiki.qemu.org/Hosts/Linux#Required_additional_packages},
}

@Manual{readme,
  title  = {{QEMU} README},
  author = {QEMU},
  year   = {2021},
  url    = {https://gitlab.com/qemu-project/qemu/-/blob/master/README.rst},
}

@Manual{jcloudlinux,
  title  = {快速创建 {Linux} 云主机},
  author = {jCloud},
  month  = oct,
  year   = {2021},
  url    = {https://jcloud.sjtu.edu.cn/document/detail.html?mod=qstart&id=1029},
}

@Manual{jcloudssh,
  title  = {使用密钥登录云主机},
  author = {jCloud},
  month  = oct,
  year   = {2021},
  url    = {https://jcloud.sjtu.edu.cn/document/detail.html?id=763},
}

@Misc{winssh,
  author = {dhslegen},
  month  = jan,
  title  = {{Windows Terminal} 连接远程 ssh},
  year   = {2020},
  url    = {https://www.jianshu.com/p/b7a105a67253},
}

@Comment{jabref-meta: databaseType:bibtex;}
