% Encoding: UTF-8

@Misc{libvirt,
  author = {sukysun125},
  month  = apr,
  title  = {Libvirt 4.10.0编译安装},
  year   = {2019},
  url    = {https://blog.csdn.net/sukysun125/article/details/89402782},
}

@Misc{libvirtapi,
  author = {KKuDeHan},
  month  = mar,
  title  = {Python libvirt 模块接口使用},
  year   = {2021},
  url    = {https://www.cnblogs.com/FutureHolmes/p/14576459.html},
}

@Comment{jabref-meta: databaseType:bibtex;}
