% Encoding: UTF-8

@Manual{dpdk,
  title  = {Compiling the DPDK Target from Source},
  author = {{DPDK Project}},
  month  = aug,
  year   = {2021},
  url    = {http://doc.dpdk.org/guides-21.08/linux_gsg/build_dpdk.html},
}

@Comment{jabref-meta: databaseType:bibtex;}
